@ARTICLE{ieee_reliability,
  author={},
  journal={IEEE Std 762-2023 (Revision of IEEE Std 762-2006)}, 
  title={IEEE Standard Definitions for Use in Reporting Electric Generating Unit Reliability, Availability, and Productivity}, 
  year={2023},
  volume={},
  number={},
  pages={1-187},
  keywords={IEEE Standards;Power system reliability;Wind power generation;Maintenance engineering;Power system reliability;Power generation reliability;available state;EFORd;equivalent demand forced outage rate;forced outage;IEEE 762;maintenance outage;OMC;outside management control;planned outage;pooling methodology;power generation reliability;renewable energy;solar power generation;transition between active states;unavailable state;weighted factor;wind energy generation},
  doi={10.1109/IEEESTD.2023.10219445}
}

@article{grandhi2019,
  title={Reliable chip design from low powered unreliable components},
  author={Grandhi, Satish Kumar},
  year={2019},
  publisher={University College Cork}
}

@inproceedings{leppala1989protection,
  title={Protection of instrument control computers against soft and hard errors and cosmic ray effects},
  author={Lepp{\"a}l{\"a}, Kari and Verkasalo, Raimo},
  booktitle={International Seminar on Space Scientific Engineering, Frunze, Kirgiz SSR, USSR},
  year={1989},
  organization={Citeseer}
}

@article{drury2012origin,
  title={Origin of cosmic rays},
  author={Drury, Luke O`C},
  journal={Astroparticle Physics},
  volume={39},
  pages={52--60},
  year={2012},
  publisher={Elsevier}
}

@book{vlsi,
    author={Weste,Neil H. E. and Harris,David M.},
    year={2005},
    title={CMOS VLSI design: a circuits and systems perspective},
    publisher={Pearson/Addison-Wesley},
    edition={4th, International},
    pages={34--35},
}

@ARTICLE{moore,
  author={Moore, Gordon E.},
  journal={IEEE Solid-State Circuits Society Newsletter}, 
  title={Cramming more components onto integrated circuits, Reprinted from Electronics, volume 38, number 8, April 19, 1965, pp.114 ff.}, 
  year={2006},
  volume={11},
  number={3},
  pages={33-35},
  keywords={Integrated circuits;Computers;Silicon;Films;Heating;Microwave amplifiers;Data mining},
  doi={10.1109/N-SSC.2006.4785860}
}

@misc{tunnel,
    author    = "Seabaugh, A.",
    title     = "{The Tunneling Transistor}",
    howpublished = "\url{https://quantum-neuroscience.com/wp-content/uploads/2018/07/The-Tunneling-Transistor.pdf}",
    year     = "2013",
    note     = "Accessed April 5, 2024"
}

@article{pavliotis2014stochastic,
  title={Stochastic processes and applications},
  author={Pavliotis, Grigorios A},
  journal={Texts in Applied Mathematics},
  volume={60},
  year={2014},
  publisher={Springer}
}

@article{vonneumann,
  title={Probabilistic logics and the synthesis of reliable organisms from unreliable components},
  author={Von Neumann, John},
  journal={Automata studies},
  volume={34},
  number={34},
  pages={43--98},
  year={1956},
  publisher={Princeton}
}

@article{qi2005markov,
  title={Markov chains and probabilistic computation-a general framework for multiplexed nanoelectronic systems},
  author={Qi, Yan and Gao, Jianbo and Fortes, Jos{\'e} AB},
  journal={IEEE Transactions on Nanotechnology},
  volume={4},
  number={2},
  pages={194--205},
  year={2005},
  publisher={IEEE}
}

@inproceedings{jiang2010application,
  title={Application and comparison of regression and Markov chain methods in bridge condition prediction and system benefit optimization},
  author={Jiang, Yi},
  booktitle={Journal of the Transportation Research Forum},
  volume={49},
  number={2},
  year={2010}
}

@book{os,
    author={Silberschatz,Abraham and Galvin,Peter B. and Gagne,Greg},
    year={2014},
    title={Operating system concepts},
    publisher={Wiley},
    edition={Ninth, International student version.}
}

@article{brown2007c++,
  title={C++ CSP2: A many-to-many threading model for multicore architectures},
  author={Brown, Neil},
  journal={Communicating Process Architectures 2007: WoTUG-30},
  pages={183--205},
  year={2007},
  publisher={IOS Press}
}

@misc{ibm,
    author    = "{IBM}",
    title     = "{Processor affinity and binding}",
    howpublished = "\url{https://www.ibm.com/docs/en/aix/7.3?topic=architecture-processor-affinity-binding}",
    year     = "2023",
    note     = "Accessed April 5, 2024"
}

@article{gujarati2015multiprocessor,
  title={Multiprocessor real-time scheduling with arbitrary processor affinities: from practice to theory},
  author={Gujarati, Arpan and Cerqueira, Felipe and Brandenburg, Bj{\"o}rn B},
  journal={Real-Time Systems},
  volume={51},
  number={4},
  pages={440--483},
  year={2015},
  publisher={Springer}
}

@book{comms,
    author={Haykin,Simon and Moher,Michael},
    year={2012},
    title={An introduction to analog and digital communications},
    publisher={Wiley Textbooks},
    edition={2nd}
}