@misc{ref1,
    author    = "Seabaugh, A.",
    title     = "{The Tunneling Transistor}",
    howpublished = "\url{https://quantum-neuroscience.com/wp-content/uploads/2018/07/The-Tunneling-Transistor.pdf}",
    year     = "2013",
    note     = "Accessed October 5, 2023",
}

@INPROCEEDINGS{ref2,
  author={Grandhi, Satish and Dupraz, Elsa and Spagnol, Christian and Savin, Valentin and Popovici, Emanuel},
  booktitle={2016 21th IEEE European Test Symposium (ETS)}, 
  title={CPE: Codeword Prediction Encoder}, 
  year={2016},
  volume={},
  number={},
  pages={1-2},
  doi={10.1109/ETS.2016.7519283}
}

@misc{ref3,
    author    = "Seabaugh, A.",
    title     = "{Matplotlib 3.8.0 Documentation}",
    howpublished = "\url{https://matplotlib.org/stable/index.html}",
    year     = "2023",
    note     = "Accessed October 5, 2023",
}

@misc{ref4,
    author    = "Gazoni, E. and Clark, C.",
    title     = "{openpyxl - A Python library to read/write Excel 2010 xlsx/xlsm files}",
    howpublished = "\url{https://matplotlib.org/stable/index.html}",
    year     = "2023",
    note     = "Accessed October 5, 2023",
}
